@techreport{Grover19961996Search,
    title = {{1996 - L.K.Grover - A fast quantum mechanical algorithm for database search}},
    year = {1996},
    author = {Grover, Lov K.},
    doi = {https://doi.org/10.48550/arXiv.quant-ph/9605043}
}

@article{Lavor2008Search,
    title = {{2008 - C.Lavor - Grover Algorithm Quantum Database Search}},
    author = {Lavor, C. and Manssur, L.R.U. and Portugal, R.},
    doi = {https://doi.org/10.48550/arXiv.quant-ph/0301079}
}

@techreport{Sarandy2005AdiabaticSystems,
    title = {{Adiabatic approximation in open quantum systems}},
    year = {2005},
    author = {Sarandy, M S and Lidar, D A},
    url = {https://arxiv.org/abs/quant-ph/0404147},
    arxivId = {arXiv:quant-ph/0404147},
    archivePrefix = {arXiv},
    eprint = {0404147},
    primaryClass = {quant-ph},
    keywords = {0365Ta, 0365Vf, 0367-a, numbers: 0365Yz}
}

@techreport{AlvaroDiazComputacionAdiabatica,
    title = {{Computaci{\'{o}}n cu{\'{a}}ntica adiab{\'{a}}tica}},
    author = {{Alvaro Diaz}}
}

@article{GateGenerators,
    title = {{GateGenerators}}
}

@incollection{W.Bryon1992HilbertFunctions,
    title = {{Hilbert Space -- Complete Orthonormal Sets of Functions}},
    year = {1992},
    booktitle = {Mathematics of Classical and Quantum Physics},
    author = {W.Bryon, Frederick and W.Fuller, Robert},
    chapter = {5},
    edition = {Revised ed.},
    pages = {212--303},
    publisher = {Dover Publications}
}

@article{Zhao2021HybridProgramming,
    title = {{Hybrid Quantum Benders' Decomposition For Mixed-integer Linear Programming}},
    year = {2021},
    author = {Zhao, Zhongqi and Fan, Lei and Han, Zhu},
    month = {12},
    url = {http://arxiv.org/abs/2112.07109},
    arxivId = {2112.07109}
}

@book{Scherer2019MathematicsComputing,
    title = {{Mathematics of Quantum Computing}},
    year = {2019},
    author = {Scherer, Wolfgang},
    publisher = {Springer International Publishing},
    url = {http://link.springer.com/10.1007/978-3-030-12358-1},
    address = {Cham},
    isbn = {978-3-030-12357-4},
    doi = {10.1007/978-3-030-12358-1}
}

@article{Kirkpatrick1983OptimizationAnnealing,
    title = {{Optimization by Simulated Annealing}},
    year = {1983},
    journal = {New Series},
    author = {Kirkpatrick, S and Gelatt, C D and Vecchi, M P},
    number = {4598},
    pages = {671--680},
    volume = {220},
    url = {https://www.jstor.org/stable/1690046}
}

@techreport{Kadowaki1998QuantumModel,
    title = {{Quantum annealing in the transverse Ising model}},
    year = {1998},
    author = {Kadowaki, Tadashi and Nishimori, Hidetoshi},
    keywords = {7510Nr, 8970c, numbers: 0530d}
}

@book{Nielsen2010QuantumInformation,
    title = {{Quantum Computation and Quantum Information}},
    year = {2010},
    author = {Nielsen, Michael A. and Chuang, Isaac L.},
    edition = {10th},
    pages = {0},
    publisher = {CAMBRIDGE UNIVERSITY PRESS}
}

@techreport{Farhi2000QuantumEvolution,
    title = {{Quantum Computation by Adiabatic Evolution}},
    year = {2000},
    author = {Farhi, Edward and Goldstone, Jeffrey and Gutmann, Sam and Sipser, Michael}
}

@article{Wang2022Quantum-InspiredProblem,
    title = {{Quantum-Inspired Solvers on Mixed-Integer Linear Programming Problem}},
    year = {2022},
    author = {Wang, Hao and Pan, Yu and Cui, Wei},
    month = {4},
    url = {http://arxiv.org/abs/2204.04574},
    arxivId = {2204.04574}
}

@book{Schneider2006StochasticOptimization,
    title = {{Stochastic Optimization}},
    year = {2006},
    author = {Schneider, J. and Kirkpatrick, S.},
    publisher = {Springer Publishing}
}

@book{KirkpatrickStochasticKirkpatrick,
    title = {{Stochastic Optimization - Schneider {\&} Kirkpatrick}},
    author = {Kirkpatrick, S and {Schneider}}
}

@article{Geman1984StochasticImages,
    title = {{Stochastic Relaxation, Gibbs Distributions, and the Bayesian Restoration of Images}},
    year = {1984},
    journal = {IEEE Transactions on Pattern Analysis and Machine Intelligence},
    author = {Geman, Stuart and Geman, Donald},
    number = {6},
    pages = {721--741},
    volume = {PAMI-6},
    doi = {10.1109/TPAMI.1984.4767596},
    issn = {01628828},
    pmid = {22499653},
    keywords = {Annealing, Gibbs distribution, MAP estimate, Markov random field, image restoration, line process, relaxation scene modeling, spatial degradation}
}

@techreport{VanGael2005TheComputing,
    title = {{The Role of Interference and Entanglement in Quantum Computing}},
    year = {2005},
    author = {Van Gael, Jurgen}
}

@article{The_Limits_of_Quantum_Computers,
    title = {{The{\_}Limits{\_}of{\_}Quantum{\_}Computers}}
}

@article{Neumann2020TransmissionFlows,
    title = {{Transmission Expansion Planning Using Cycle Flows}},
    year = {2020},
    author = {Neumann, Fabian and Brown, Tom},
    month = {4},
    url = {http://arxiv.org/abs/2004.08702 http://dx.doi.org/10.1145/3396851.3397688},
    doi = {10.1145/3396851.3397688},
    arxivId = {2004.08702}
}